@ONLINE{ReversiInventor,
	author = {Hartnell, Tim; Charlton, Graham},
	title = {Reversi/Othello},
	url = {https://archive.org/details/reversi.qb64},
	year = {1984},
},
@BOOK{besserCoden:gradle,
    author = {Post, Uwe},
	publisher = {Rheinwerk Computing},
	title = {Besser coden},
	edition = {1},
	year = {2018},
},
@ONLINE{intellij,
	author = {JetBrains},
	title = {IntelliJ IDEA - Homepage},
	url = {https://www.jetbrains.com/idea/},
},
@ONLINE{git,
	author = {Chacon, Scott},
	title = {Git - Homepage},
	url = {https://git-scm.com},
},
@ONLINE{gradle,
	author = {Gradle},
	title = {Gradle - Homepage},
	url = {https://gradle.org}
},
@ONLINE{junit,
	author = {JUnit},
	title = {JUnit4 - Homepage},
	url = {https://junit.org/junit4/}
},
@ONLINE{ubuntu,
	author = {Ubuntu},
	title = {Ubuntu - Homepage},
	url = {https://ubuntu.com}
},
@ONLINE{chessBoards,
	author = {Hermann, Sven},
	title = {Schach in Zahlen},
	url = {https://schachlich.de/schach-in-zahlen/}
}